% ---------------------
% Microbial communities
% ---------------------

@article{goldford2018emergent,
  title={Emergent simplicity in microbial community assembly},
  author={Goldford, Joshua E and Lu, Nanxi and Baji{\'c}, Djordje and Estrela, Sylvie and Tikhonov, Mikhail and Sanchez-Gorostiaga, Alicia and Segr{\`e}, Daniel and Mehta, Pankaj and Sanchez, Alvaro},
  journal={Science},
  volume={361},
  number={6401},
  pages={469--474},
  year={2018},
  publisher={American Association for the Advancement of Science}
}


% ---------------------
% Microbial interactions
% ---------------------

@article{goldberg2021positive,
  title={Positive interactions within and between populations decrease the likelihood of evolutionary rescue},
  author={Goldberg, Yaron and Friedman, Jonathan},
  journal={PLoS computational biology},
  volume={17},
  number={2},
  pages={e1008732},
  year={2021},
  publisher={Public Library of Science San Francisco, CA USA}
}


% That is it! An opinion paper arguing that "obligate metabolic interactions 
% in natural bacterial communities can explain this pattern"
@article{pande2017bacterial,
  title={Bacterial unculturability and the formation of intercellular metabolic networks},
  author={Pande, Samay and Kost, Christian},
  journal={Trends in microbiology},
  volume={25},
  number={5},
  pages={349--361},
  year={2017},
  publisher={Elsevier}
}

% Types 
@article{schink2002synergistic,
  title={Synergistic interactions in the microbial world},
  author={Schink, Bernhard},
  journal={Antonie Van Leeuwenhoek},
  volume={81},
  number={1},
  pages={257--261},
  year={2002},
  publisher={Springer}
}

% WE NEED THIS AS HELL!
@article{d2014less,
  title={Less is more: selective advantages can explain the prevalent loss of biosynthetic genes in bacteria},
  author={D'Souza, Glen and Waschina, Silvio and Pande, Samay and Bohl, Katrin and Kaleta, Christoph and Kost, Christian},
  journal={Evolution},
  volume={68},
  number={9},
  pages={2559--2570},
  year={2014},
  publisher={Wiley Online Library}
}

% That's our basis dudes! 
@article{d2018ecology,
  title={Ecology and evolution of metabolic cross-feeding interactions in bacteria},
  author={D'Souza, Glen and Shitut, Shraddha and Preussger, Daniel and Yousif, Ghada and Waschina, Silvio and Kost, Christian},
  journal={Natural Product Reports},
  volume={35},
  number={5},
  pages={455--488},
  year={2018},
  publisher={Royal Society of Chemistry}
}


% ---------------------
% Metabolic networks
% ---------------------
% This paper describes the expansion algorithm, it is a great study that I should have on the intro as an overall concept
@article{ebenhoh2004structural,
  title={Structural analysis of expanding metabolic networks},
  author={Ebenh{\"o}h, Oliver and Handorf, Thomas and Heinrich, Reinhart},
  journal={Genome informatics},
  volume={15},
  number={1},
  pages={35--45},
  year={2004},
  publisher={Japanese Society for Bioinformatics}
}

@article{strohman2002maneuvering,
  title={Maneuvering in the complex path from genotype to phenotype},
  author={Strohman, Richard},
  journal={Science},
  volume={296},
  number={5568},
  pages={701--703},
  year={2002},
  publisher={American Association for the Advancement of Science}
}

@article{polanyi1968life,
  title={Life's irreducible structure: Live mechanisms and information in DNA are boundary conditions with a sequence of boundaries above them},
  author={Polanyi, Michael},
  journal={Science},
  volume={160},
  number={3834},
  pages={1308--1312},
  year={1968},
  publisher={American Association for the Advancement of Science}
}


% Review PROBABLY useful about ENVIRONMENTAL studies and METAGENOMICS 
@article{garza2018towards,
  title={Towards predicting the environmental metabolome from metagenomics with a mechanistic model},
  author={Garza, Daniel R and van Verk, Marcel C and Huynen, Martijn A and Dutilh, Bas E},
  journal={Nature microbiology},
  volume={3},
  number={4},
  pages={456--460},
  year={2018},
  publisher={Nature Publishing Group}
}

% Patil paper on metabolic interactions! 
@article{ponomarova2015metabolic,
  title={Metabolic interactions in microbial communities: untangling the Gordian knot},
  author={Ponomarova, Olga and Patil, Kiran Raosaheb},
  journal={Current opinion in microbiology},
  volume={27},
  pages={37--44},
  year={2015},
  publisher={Elsevier}
}



% Palsson's work
% ---------------------

% Review on COBRA in microbial cells - more than 1,100 citations
@article{price2004genome,
  title={Genome-scale models of microbial cells: evaluating the consequences of constraints},
  author={Price, Nathan D and Reed, Jennifer L and Palsson, Bernhard {\O}},
  journal={Nature Reviews Microbiology},
  volume={2},
  number={11},
  pages={886--897},
  year={2004},
  publisher={Nature Publishing Group}
}

% Review about the various COBRA methods 
@article{lewis2012constraining,
  title={Constraining the metabolic genotype--phenotype relationship using a phylogeny of in silico methods},
  author={Lewis, Nathan E and Nagarajan, Harish and Palsson, Bernhard O},
  journal={Nature Reviews Microbiology},
  volume={10},
  number={4},
  pages={291--305},
  year={2012},
  publisher={Nature Publishing Group}
}


% ---------------------
% My pubs
% ---------------------

@article{zafeiropoulos2020pema,
  title={PEMA: a flexible Pipeline for Environmental DNA Metabarcoding Analysis of the 16S/18S ribosomal RNA, ITS, and COI marker genes},
  author={Zafeiropoulos, Haris and Viet, Ha Quoc and Vasileiadou, Katerina and Potirakis, Antonis and Arvanitidis, Christos and Topalis, Pantelis and Pavloudi, Christina and Pafilis, Evangelos},
  journal={GigaScience},
  volume={9},
  number={3},
  pages={giaa022},
  year={2020},
  publisher={Oxford University Press}
}
